
@misc{rh_koln_profil_2024,
	title = {Profil der {Rheinischen} {Hochschule} {Köln}},
	url = {https://rh-koeln.de/rheinische-hochschule/profil},
	abstract = {Die Rheinische Hochschule Köln, kurz RH Köln, ist eine staatlich anerkannte Hochschule für Angewandte Wissenschaften (HAW) in privater, gemeinnütziger Trägerschaft. Sie gehört zum Verbund der Rheinischen Stiftung für Bildung.},
	urldate = {2024-12-09},
	author = {{RH Köln}},
	year = {2024},
	file = {Snapshot:C\:\\Users\\m.kribs\\Zotero\\storage\\B894ACTR\\profil.html:text/html},
}
